@Misc{FED,
  title = 	 {Tarjeta Federativa FEDME},
  howpublished = {\url{http://www.fedme.es/index.php?mmod=staticContent\&IDf=96}},
  note = 	 {FEDME},
}

@Article{2,
  author = {FEDME},
  title = 	 {Estudio del perfil de deportistas federados y aficionados a los deportes de montaña},
  year = 	 {2017},
  month = 	 {Mayo},
  pages = 	 {1-29}
}

@Article{11,
  author = {Moscoso Sánchez, D.},
  year   = {2004},
  title  = {El proceso de institucionalización del montañismo en España},
  journal = {Acciones e Investigaciones Sociales},
  volume = {19},
  month  = {Marzo},
  pages  = {5-29}
}

@Article{12,
  author = {Ewert, A.},
  year   = {1985},
  title  = {Why People Climb: The Relationship of Participant Motives and Experience Level to Mountaineering},
  journal = {Journal of Leisure Research},
  volume = {17},
  month  = {Jan},
  pages  = {241-250}
}

@Article{13,
  author = {Esfahani, M., et al.},
  year   = {2014},
  title  = {The Influence of Spirituality and Physical Activity Level on Responsible Behaviour and Mountaineering Satisfaction on Mount Kinabalu, Borneo},
  journal = {Current Issues in Tourism},
  month  = {Dec},
  pages  = {1162-1185}
}

@Article{14,
  author = {Frajberg D., et al.},
  year   = {2017},
  title  = {Heterogeneous information integration for touristic augmented reality mobile apps},
  journal = {International Conference on Data Science and Advanced Analytics}
}

@Article{15,
  author = {Aziz, M., Rashid, S.},
  year   = {2018},
  title  = {Risk taking behavior and interpersonal relationship of adrenaline junkies: A qualitative study},
  journal = {Indian Journal of Health and Well-being },
  volume = {3},
  pages  = {384-391}
}

@TechReport{16,
author = {Shaaban, M.},
title = {Microcontroller Basics; An Example: The Motorola 68HC12},
institution = {Rochester Institute of Technology},
year = {2000},
month = {Feb}
}

@book{17,
  author = 	  {McRoberts, M.},
  title = 	  {Beginning Arduino},
  publisher = {Technology in Action},
  year = 	  {2013},
}

@book{18,
  author = 	  {Banzi, M., Shiloh, M.},
  title = 	  {Getting Started with Arduino},
  publisher = {Maker Media},
  year = 	  {2015},
}

@book{19,
  author = 	  {Yamanoor, S.},
  title = 	  {Raspberry Pi Mechatronic Projects},
  publisher = {Packt Publishing},
  year = 	  {2015},
}

@Misc{20,
  author = {Raspberry Pi Magazine},
  title = {The Official Raspberry Pi Projects Book}
}

@book{21,
  author = 	  {Watkiss, S.},
  title = 	  {Learn Electronics with Raspberry Pi Physical Computing with Circuits, Sensors, Outputs, and Projects},
  publisher = {Apress},
  year = 	  {2016}
}

@TechReport{22,
author = {Mondragon, A.},
title = {So Many Educational Microcontroller Platforms, so Little Time!},
institution = {Rochester Institute of Technology},
year = {2012},
month = {Jun}
}

@book{23,
  author = 	  {Norris, D.},
  title = 	  {Programming with STM32. Getting Started with the Nucleo Board and C/C++},
  publisher = {McGraw-Hill Education},
  year = 	  {2018}
}

@book{24,
  author = 	  {Brown, G.},
  title = 	  {Discovering the STM32 Microcontroller},
  publisher = {OpenLibra},
  year = 	  {2013}
}

@book{25,
  author = 	  {Karvinen, K., Karvinen, T.},
  title = 	  {Getting Started with Sensors},
  publisher = {Maker Media},
  year = 	  {2014}
}

@TechReport{26,
author = {Liu, T.},
title = {DHT22 Datasheet. Digital-output relative humidity \& temperature sensor/module },
institution = {Aosong Electronics Co.,Ltd}
}

@book{27,
  author = 	  {Aliferi, C.},
  title = 	  {Android Programming Cookbook},
  publisher = {Java Code Geeks},
  year = 	  {2016}
}

@book{28,
  author = 	  {Smyth, N.},
  title = 	  {Android Studio 3.0 Development Essentials},
  publisher = {Payload Media},
  year = 	  {2017}
}

@book{29,
  author = 	  {Gerber, A., Clifton, C.},
  title = 	  {Learn Android Studio. Build Android Apps Quickly and Effectively},
  publisher = {Apress},
  year = 	  {2015}
}

@book{30,
  author = 	  {Huang, A., Rudolph, L.},
  title = 	  {Bluetooth Essentials for Programmers},
  publisher = {Cambridge University Press},
  year = 	  {2007}
}

@Article{31,
  author = {Choudhury, N.},
  year   = {2014},
  title  = {World Wide Web and Its Journey from Web 1.0 to Web 4.0 },
  journal = {International Journal of Computer Science and Information Technologies},
  volume = {5},
  pages  = {8096-8100}
}

@book{32,
  author = 	  {Niederst, J.},
  title = 	  {HTML5 Pocket Reference},
  publisher = {O'Reilly Media},
  year = 	  {2013}
}

@book{33,
  author = 	  {Frain, B.},
  title = 	  {Responsive Web Design with HTML5 and CSS3},
  publisher = {Packt Publishing},
  year = 	  {2012}
}

@book{34,
  author = 	  {Gasston, P.},
  title = 	  {The Book of CSS3. A Developer's Guide to the Future of Web Design},
  publisher = {No Starch Press},
  year = 	  {2015}
}

@book{35,
  author = 	  {Flanagan, D.},
  title = 	  {JavaScript: The Definitive Guide},
  publisher = {O’Reilly Media},
  year = 	  {2011}
}

@book{36,
  author = 	  {Banks, A., Porcello, E.},
  title = 	  {Learning React. Functional Web Development with React and Redux},
  publisher = {O’Reilly Media},
  year = 	  {2017}
}

@book{37,
  author = 	  {Brown, E.},
  title = 	  {Web Development with Node \& Express},
  publisher = {O’Reilly Media},
  year = 	  {2014}
}

@book{38,
  author = 	  {Nijim, S., Pagano, B.},
  title = 	  {APIs For Dummies},
  publisher = {Apigee},
  year = 	  {2014}
}

@TechReport{39,
author = {AEMET},
title = {Preguntas Frecuentes del Servicio AEMET OPENDATA},
institution = {Ministerio de Agricultura y Pesca, Alimentación y Medio Ambiente},
year = {2017}
}

@book{40,
  author = 	  {Svennerberg, G.},
  title = 	  {Beginning Google Maps API 3},
  publisher = {Apress},
  year = 	  {2010}
}

@Article{41,
  author = {Falk, M., Brugger, H., Adler-Kastner, L.},
  year   = {1994},
  title  = {Avalanche survival chances},
  journal = {Nature Publishing Group},
  volume = {368}
}

@TechReport{42,
  author = {Ministerio de Defensa},
  title = {Establecimiento de una red de control y seguimiento por medio satélite (SPOT)},
  publisher = {Laponia'12},
  year = {2012}
}

@book{43,
  author = {González, C.},
  title = {Lógica Difusa. Una introducción práctica. Técnicas de Softcomputing},
  year = {2011}
}

@Article{44,
  author = {Mao, A., Ma, X., He, Y., Luo, J.},
  year   = {2017},
  title  = {Highly Portable, Sensor-Based System for Human Fall Monitoring},
  journal = {Sensors},
  volume = {17}
}

@Article{45,
  author = {Lim, D., Park, C., Kim, N., Kim, S., Yu, Y.},
  year   = {2014},
  title  = {Fall-Detection Algorithm Using 3-Axis Acceleration: Combination with Simple Threshold and Hidden Markov Model},
  journal = {Journal of Applied Mathematics},
  volume = {2014}
}

@article{46,
  title={Evaluation of a threshold-based tri-axial accelerometer fall detection algorithm.},
  author={Bourke, A., O'Brien, J., Lyons, G.},
  journal={Gait \& posture},
  year={2007},
  volume={26 2},
  pages={194-9}
}

@Misc{CSD,
  title = 	 {Histórico de Licencias},
  howpublished = {\url{http://www.csd.gob.es/csd/estaticos/asoc-fed/historico-de-licencias.pdf}},
  note = 	 {CSD},
}

@Article{4,
  author = {FEDME},
  title = 	 {Accidentalidad en Deportes de Montaña de Federados FEDME},
  year = 	 {2017},
  pages = 	 {1-28}
}

@InBook{5,
  author = 	 {Caballero, I., Polo, M., Serrano, M.},
  title = 	 {Apuntes de Ingeniería del Software II},
  chapter = 	 {Procesos de Ingeniería del Software},
  year = 	 {2016},
  pages = 	 {21-22},
}

@InBook{6,
  author = 	 {Caballero, I., Polo, M., Rodríguez, M.},
  title = 	 {Apuntes de Ingeniería del Software II},
  chapter = 	 {Metodologías de desarrollo ágiles: Scrum},
  year = 	 {2016},
  pages = 	 {6-12},
}

@Article{7,
  author =   {A.K. Bourke, G.M. Lyons},
  title = 	 {A threshold-based fall-detection algorithm using a bi-axial gyroscope sensor},
  journal =  {Medical Engineering \& Physics},
  year = 	 {2008},
  pages = 	 {84-90},
}

@Book{8,
  author = 	  {Bell, C.},
  title = 	  {Beginning Sensor Networks with Arduino and Raspberry Pi},
  publisher = {Apress},
  year = 	  {2013},
}

@Book{9,
  author = 	  {Margolis, M.},
  title = 	  {Arduino Cookbook},
  publisher = {O'Reilly Media},
  year = 	  {2011},
}

@Book{10,
  author = 	  {Ed Burnette},
  title = 	  {Hello, Android: Introducing Google’s Mobile Development Platform},
  year = 	  {2015},
}
